%%% BIBLIOGRAFIA
@book{Bellman2003,
  title={Dynamic Programming},
  author={Bellman, R.E.},
  isbn={9780486428093},
  lccn={2002072879},
  series={Dover Books on Computer Science Series},
  url={http://books.google.com.pe/books?id=fyVtp3EMxasC},
  year={2003},
  publisher={Dover Publications},
	address = {CA, United States},
	pages = {500}
}

@book{libro1,
  title={Administración de Base de Datos},
  author={Adams, D.},
  isbn={9781417642595},
  url={http://books.google.com/books?id=W-xMPgAACAAJ},
  year={1995},
  publisher={San Val}
}

@article{Artalejo2007,
title = "A simulation study of a discrete-time multiserver retrial queue with finite population ",
journal = "Journal of Statistical Planning and Inference ",
volume = "137",
number = "8",
pages = "2536 - 2542",
year = "2007",
issn = "0378-3758",
doi = "http://dx.doi.org/10.1016/j.jspi.2006.04.018",
author = "Artalejo, J.R. and Lopez-Herrero, M.J.",
}


@BOOK{Bertino93,
  AUTHOR =       "E. Bertino and L. Martino",
  TITLE =        "Object Oriented Database Systems: Concepts and Architectures",
  PUBLISHER =    "Adison-Wesley Publishing Company, Inc.",
  YEAR =         "1993",
  address =      "Massachusetts, E.U.A.",
}

@PHDTHESIS{Galante01,
  AUTHOR =       "Galante, Renata de M.",
  TITLE =        "Evolu��o de Esquemas em Bancos de Dados Orientados a Objetos com o emprego de vers�es",
  SCHOOL =       "Instituto de Inform�tica-UFRGS",
  YEAR =         "2001",
  month =        "Junho",
}

@MastersThesis{Master2001,
  AUTHOR =       "Galante, Renata de M.",
  TITLE =        "Evolu��o de Esquemas em Bancos de Dados Orientados a Objetos com o emprego de vers�es",
  SCHOOL =       "Instituto de Inform�tica-UFRGS",
  YEAR =         "2001",
  month =        "Junho",
  publisher = {Instituto de Inform�tica-UFRGS},
	url   = {http://www.inf.ufrgs.br/thesis/thesMxasC},
	}

@PHDTHESIS{Cruz2000,
author={P. S. da Cruz},
title={Reservoir Management Decision-Making in the Presence of Geological Uncertainty},
school= {Department of Petroleum engineering, Stanford University},
address= {Stanford},
year={2000},
journal = {SPE Reservoir Evaluation \& Engineering},
}

@article{Cruz2004,
author = {da Cruz, P. S. and Horne, R. N. and Deutsch, C. V},
 title = {The Quality Map: A Tool for Reservoir Uncertainty Quantification and Decision Making},
 journal = {SPE Reservoir Evaluation \& Engineering},
 volume = {7},
 issue = {1},
 month = {Febraury},
 year = {2004},
 pages = {6--14},
} 

@article{Danenas2015,
 author = {Danenas, Paulius and Garsva, Gintautas},
 title = {Selection of Support Vector Machines Based Classifiers for Credit Risk Domain},
 journal = {Expert Syst. Appl.},
 issue_date = {April 2015},
 volume = {42},
 number = {6},
 month = apr,
 year = {2015},
 issn = {0957-4174},
 pages = {3194--3204},
 numpages = {11},
 url = {http://dx.doi.org/10.1016/j.eswa.2014.12.001},
 doi = {10.1016/j.eswa.2014.12.001},
 acmid = {2776064},
 publisher = {Pergamon Press, Inc.},
 address = {Tarrytown, NY, USA},
 keywords = {Classification, Credit risk, Default assessment, Particle swarm optimization, SVM, Support Vector Machines},
} 

@article{Harris2015,
 author = {Harris, Terry},
 title = {Credit scoring using the clustered support vector machine},
 journal = {Expert Syst. Appl.},
 issue_date = {February, 2015},
 volume = {42},
 number = {2},
 month = feb,
 year = {2015},
 pages = {741--750},
 numpages = {10},
 url = {http://dx.doi.org/10.1016/j.eswa.2014.08.029},
 doi = {10.1016/j.eswa.2014.08.029},
 publisher = {Pergamon Press, Inc.},
 address = {Tarrytown, NY, USA},
 keywords = {Credit risk assessment, Credit scoring, Credit unions, Default definitions, Support vector machine},
}

@inproceedings{Alaraj2015,
 author = {Alaraj, Maher and Abbod, Maysam and Al-Hnaity, Bashar},
 title = {Evaluation of Consumer Credit in Jordanian Banks: A Credit Scoring Approach},
 booktitle = {Proceedings of the 2015 17th  UKSIM-AMSS International Conference on Modelling and Simulation},
 series = {UKSIM '15},
 year = {2015},
 isbn = {978-1-4799-8713-9},
 pages = {125--130},
 numpages = {6},
 url = {http://dx.doi.org/10.1109/UKSim.2015.23},
 doi = {10.1109/UKSim.2015.23},
 acmid = {2868184},
 publisher = {IEEE Computer Society},
 address = {Washington, DC, USA},
 keywords = {credit scoring, neural networks, support vector machines, logistic regression, linear discriminate analysis, Jordanian banks},
} 

@article{Niklis2014,
 author = {Niklis, Dimitrios and Doumpos, Michael and Zopounidis, Constantin},
 title = {Combining Market and Accounting-based Models for Credit Scoring Using a Classification Scheme Based on Support Vector Machines},
 journal = {Appl. Math. Comput.},
 issue_date = {May 2014},
 volume = {234},
 number = {C},
 month = may,
 year = {2014},
 issn = {0096-3003},
 pages = {69--81},
 numpages = {13},
 url = {http://dx.doi.org/10.1016/j.amc.2014.02.028},
 doi = {10.1016/j.amc.2014.02.028},
 acmid = {2744650},
 publisher = {Elsevier Science Inc.},
 address = {New York, NY, USA},
 keywords = {Black-Scholes-Merton model, Credit rating, Credit risk, Support vector machines},
} 

@article{Harris2013,
 author = {Harris, Terry},
 title = {Quantitative Credit Risk Assessment Using Support Vector Machines: Broad Versus Narrow Default Definitions},
 journal = {Expert Syst. Appl.},
 issue_date = {September, 2013},
 volume = {40},
 number = {11},
 month = sep,
 year = {2013},
 issn = {0957-4174},
 pages = {4404--4413},
 numpages = {10},
 url = {http://dx.doi.org/10.1016/j.eswa.2013.01.044},
 doi = {10.1016/j.eswa.2013.01.044},
 acmid = {2461798},
 publisher = {Pergamon Press, Inc.},
 address = {Tarrytown, NY, USA},
 keywords = {Credit risk assessment, Credit scoring, Credit unions, Default definitions, Support vector machine},
} 

@article{Cubiles2013,
 author = {Cubiles-De-La-Vega, Mar\'{\i}a-Dolores and Blanco-Oliver, Antonio and Pino-Mej\'{\i}as, Rafael and Lara-Rubio, Juan},
 title = {Improving the Management of Microfinance Institutions by Using Credit Scoring Models Based on Statistical Learning Techniques},
 journal = {Expert Syst. Appl.},
 issue_date = {December, 2013},
 volume = {40},
 number = {17},
 month = dec,
 year = {2013},
 issn = {0957-4174},
 pages = {6910--6917},
 numpages = {8},
 url = {http://dx.doi.org/10.1016/j.eswa.2013.06.031},
 doi = {10.1016/j.eswa.2013.06.031},
 acmid = {2514525},
 publisher = {Pergamon Press, Inc.},
 address = {Tarrytown, NY, USA},
 keywords = {Credit scoring, Data mining, Decision support systems, Efficiency, Microfinance institutions, Statistical Learning},
} 

@article{Han2013,
 author = {Han, Lu and Han, Liyan and Zhao, Hongwei},
 title = {Orthogonal Support Vector Machine for Credit Scoring},
 journal = {Eng. Appl. Artif. Intell.},
 issue_date = {February, 2013},
 volume = {26},
 number = {2},
 month = feb,
 year = {2013},
 issn = {0952-1976},
 pages = {848--862},
 numpages = {15},
 url = {http://dx.doi.org/10.1016/j.engappai.2012.10.005},
 doi = {10.1016/j.engappai.2012.10.005},
 acmid = {2431052},
 publisher = {Pergamon Press, Inc.},
 address = {Tarrytown, NY, USA},
 keywords = {Credit scoring, Dimension curse, Logistic regression, Orthogonal dimension reduction, Principal component analysis, Support vector machine},
} 

@article{Blanco2013,
 author = {Blanco, Antonio and Pino-Mej\'{\i}As, Rafael and Lara, Juan and Rayo, Salvador},
 title = {Credit Scoring Models for the Microfinance Industry Using Neural Networks: Evidence from Peru},
 journal = {Expert Syst. Appl.},
 issue_date = {January, 2013},
 volume = {40},
 number = {1},
 month = jan,
 year = {2013},
 issn = {0957-4174},
 pages = {356--364},
 numpages = {9},
 url = {http://dx.doi.org/10.1016/j.eswa.2012.07.051},
 doi = {10.1016/j.eswa.2012.07.051},
 acmid = {2369898},
 publisher = {Pergamon Press, Inc.},
 address = {Tarrytown, NY, USA},
 keywords = {Classification rules, Linear discriminant analysis, Logistic regression, Microfinance institutions, Multilayer perceptron, Quadratic discriminant analysis},
} 

@article{Wang2012,
 author = {Wang, Gang and Ma, Jian},
 title = {A Hybrid Ensemble Approach for Enterprise Credit Risk Assessment Based on Support Vector Machine},
 journal = {Expert Syst. Appl.},
 issue_date = {April, 2012},
 volume = {39},
 number = {5},
 month = apr,
 year = {2012},
 issn = {0957-4174},
 pages = {5325--5331},
 numpages = {7},
 url = {http://dx.doi.org/10.1016/j.eswa.2011.11.003},
 doi = {10.1016/j.eswa.2011.11.003},
 acmid = {2109424},
 publisher = {Pergamon Press, Inc.},
 address = {Tarrytown, NY, USA},
 keywords = {Bagging, Ensemble learning, Enterprise credit risk assessment, Random subspace, SVM},
} 

@article{Yu2011,
 author = {Yu, Lean and Yao, Xiao and Wang, Shouyang and Lai, K. K.},
 title = {Credit Risk Evaluation Using a Weighted Least Squares SVM Classifier with Design of Experiment for Parameter Selection},
 journal = {Expert Syst. Appl.},
 issue_date = {November, 2011},
 volume = {38},
 number = {12},
 month = nov,
 year = {2011},
 issn = {0957-4174},
 pages = {15392--15399},
 numpages = {8},
 url = {http://dx.doi.org/10.1016/j.eswa.2011.06.023},
 doi = {10.1016/j.eswa.2011.06.023},
 acmid = {2286816},
 publisher = {Pergamon Press, Inc.},
 address = {Tarrytown, NY, USA},
 keywords = {Credit risk evaluation, Design of experiment, Least squares algorithm, Parameter selection, Weighted LSSVM classifier},
} 
